@article{chen2012personal,
  title={Personal omics profiling reveals dynamic molecular and medical
         phenotypes},
  author={Chen, Rui and Mias, George I and Li-Pook-Than, Jennifer and Jiang,
          Lihua and Lam, Hugo YK and Chen, Rong and Miriami, Elana and
          Karczewski, Konrad J and Hariharan, Manoj and Dewey, Frederick E and
          others},
  journal={Cell},
  volume={148},
  number={6},
  pages={1293--1307},
  year={2012},
  publisher={Elsevier}
}

@article{holland1986statistics,
  title={Statistics and causal inference},
  author={Holland, Paul W},
  journal={Journal of the American statistical Association},
  volume={81},
  number={396},
  pages={945--960},
  year={1986},
  publisher={Taylor \& Francis}
}

@article{ioannidis2005why,
  title={Why most published research findings are false},
  author={Ioannidis, John PA},
  journal={PLoS Med},
  volume={2},
  number={8},
  pages={e124},
  year={2005},
  publisher={Public Library of Science}
}

@article{young2009machine,
  title={A Machine-Learning Algorithm for Estimating and Ranking the Impact of
         Environmental Risk Factors in Exploratory Epidemiological Studies},
  author={Young, Jessica G and Hubbard, Alan E and Eskenazi, Brenda and Jewell,
          Nicholas P},
  year={2009},
  publisher={bepress}
}

@article{rappaport2010environment,
  title={Environment and disease risks},
  author={Rappaport, Stephen M and Smith, Martyn T},
  journal={Science},
  volume={330},
  number={6003},
  pages={460--461},
  year={2010},
  publisher={American Association for the Advancement of Science}
}

@article{rappaport2012biomarkers,
  title={Biomarkers intersect with the exposome},
  author={Rappaport, Stephen M},
  journal={Biomarkers},
  volume={17},
  number={6},
  pages={483--489},
  year={2012},
  publisher={Taylor \& Francis}
}

@article{patel2010environment,
  title={An environment-wide association study (EWAS) on type 2 diabetes
         mellitus},
  author={Patel, Chirag J and Bhattacharya, Jayanta and Butte, Atul J},
  journal={PloS one},
  volume={5},
  number={5},
  pages={e10746},
  year={2010},
  publisher={Public Library of Science}
}

@article{manolio2010genomewide,
  title={Genomewide association studies and assessment of the risk of disease},
  author={Manolio, Teri A},
  journal={New England Journal of Medicine},
  volume={363},
  number={2},
  pages={166--176},
  year={2010},
  publisher={Mass Medical Soc}
}

@article{bembom2009biomarker,
  title={Biomarker discovery using targeted maximum-likelihood estimation:
         Application to the treatment of antiretroviral-resistant HIV
         infection},
  author={Bembom, Oliver and Petersen, Maya L and Rhee, Soo-Yon and Fessel, W
          Jeffrey and Sinisi, Sandra E and Shafer, Robert W and {van der Laan},
          Mark J},
  journal={Statistics in medicine},
  volume={28},
  number={1},
  pages={152--172},
  year={2009},
  publisher={Wiley Online Library}
}

@book{van2011targeted,
  title={Targeted learning: causal inference for observational and experimental
         data},
  author={{van der Laan}, Mark J and Rose, Sherri},
  year={2011},
  publisher={Springer Science \& Business Media}
}

@article{gruber2009targeted,
  title={Targeted maximum likelihood estimation: A gentle introduction},
  author={Gruber, Susan and {van der Laan}, Mark J},
  year={2009},
  publisher={bepress}
}

@article{gruber2011tmle,
  title={tmle: An R package for targeted maximum likelihood estimation},
  author={Gruber, Susan and {van der Laan}, Mark J},
  year={2011},
  publisher={bepress}
}

@incollection{smyth2005limma,
  title={Limma: linear models for microarray data},
  author={Smyth, Gordon K},
  booktitle={Bioinformatics and computational biology solutions using R and Bioconductor},
  pages={397--420},
  year={2005},
  publisher={Springer}
}

@article{smyth2004linear,
  title = {Linear Models and Empirical Bayes Methods for Assessing Differential
    Expression in Microarray Experiments},
  author = {Smyth, Gordon K},
  journal={Statistical Applications in Genetics and Molecular Biology},
  volume={3},
  number={1},
  pages={1--25},
  year={2004}
}

@article{wang2012detecting,
  title={Detecting disease-associated genes with confounding variable
         adjustment and the impact on genomic meta-analysis: with application
         to major depressive disorder},
  author={Wang, Xingbin and Lin, Yan and Song, Chi and Sibille, Etienne and
          Tseng, George C},
  journal={BMC bioinformatics},
  volume={13},
  number={1},
  pages={1},
  year={2012},
  publisher={BioMed Central}
}

@article{benjamini1995controlling,
  title={Controlling the false discovery rate: a practical and powerful
         approach to multiple testing},
  author={Benjamini, Yoav and Hochberg, Yosef},
  journal={Journal of the royal statistical society. Series B (Methodological)},
  pages={289--300},
  year={1995},
  publisher={JSTOR}
}

@article{van2007super,
  title={Super learner},
  author={{van der Laan}, Mark J and Polley, Eric C and Hubbard, Alan E},
  journal={Statistical applications in genetics and molecular biology},
  volume={6},
  number={1},
  year={2007}
}

@book{friedman2001elements,
  title={The elements of statistical learning},
  author={Friedman, Jerome and Hastie, Trevor and Tibshirani, Robert},
  volume={1},
  year={2001},
  publisher={Springer series in statistics Springer, Berlin}
}

@book{pearl2009causality,
  title={Causality},
  author={Pearl, Judea},
  year={2009},
  publisher={Cambridge university press}
}

@article{rosenbaum1983central,
  title={The central role of the propensity score in observational studies for
         causal effects},
  author={Rosenbaum, Paul R and Rubin, Donald B},
  journal={Biometrika},
  volume={70},
  number={1},
  pages={41--55},
  year={1983},
  publisher={Biometrika Trust}
}

@manual{R,
  title = {R: A Language and Environment for Statistical Computing},
  author = {{R Core Team}},
  organization = {R Foundation for Statistical Computing},
  address = {Vienna, Austria},
  year = {2017},
  url = {https://www.R-project.org/}
}

@article{gruber2010application,
  title={An application of collaborative targeted maximum likelihood estimation
         in causal inference and genomics},
  author={Gruber, Susan and {van der Laan}, Mark J},
  journal={The International Journal of Biostatistics},
  volume={6},
  number={1},
  year={2010}
}

@book{tsiatis2007semiparametric,
	Author = {Tsiatis, Anastasios},
	Date-Added = {2017-02-05 20:58:12 +0000},
	Date-Modified = {2017-02-05 20:58:12 +0000},
	Publisher = {Springer Science \& Business Media},
	Title = {Semiparametric theory and missing data},
	Year = {2007}}

@article{mchale2011global,
	Author = {McHale, Cliona M and Zhang, Luoping and Lan, Qing and Vermeulen, Roel and Li, Guilan and Hubbard, Alan E and Porter, Kristin E and Thomas, Reuben and Portier, Christopher J and Shen, Min and others},
	Date-Added = {2017-02-05 21:12:34 +0000},
	Date-Modified = {2017-02-05 21:12:34 +0000},
	Journal = {Environmental health perspectives},
	Number = {5},
	Pages = {628},
	Publisher = {National Institute of Environmental Health Sciences},
	Title = {Global gene expression profiling of a population exposed to a range of benzene levels},
	Volume = {119},
	Year = {2011}}

@incollection{tuglus2011targeted,
  title={Targeted methods for biomarker discovery},
  author={Tuglus, Catherine and van der Laan, Mark J},
  booktitle={Targeted Learning},
  pages={367--382},
  year={2011},
  publisher={Springer}
}
